<?xml version="1.0" encoding="UTF-8" standalone="no"?>
  <searchRetrieveResponse xmlns="http://www.loc.gov/zing/srw/">
    <version>1.2</version>
    <numberOfRecords>1</numberOfRecords>
    <records>
      <record>
        <recordSchema>marcxml</recordSchema>
        <recordPacking>xml</recordPacking>
        <recordData>
          <record xmlns="http://www.loc.gov/MARC21/slim">
            <leader>01018ntm-a2200229-i 4500</leader>
            <controlfield tag="001">99122049346105763</controlfield>
            <controlfield tag="005">20210104163641.0</controlfield>
            <controlfield tag="008">000000s1983    dk ||||||     00||d dan||</controlfield>
            <datafield ind1=" " ind2=" " tag="035">
              <subfield code="a">x331066199</subfield>
            </datafield>
            <datafield ind1=" " ind2=" " tag="035">
              <subfield code="a">(DK-810010)000039696DRA01</subfield>
            </datafield>
            <datafield ind1=" " ind2=" " tag="035">
              <subfield code="a">(EXLNZ-45KBDK_NETWORK)995160427905761</subfield>
            </datafield>
            <datafield ind1=" " ind2=" " tag="096">
              <subfield code="a">DRAlæs-B063</subfield>
              <subfield code="5">dra</subfield>
              <subfield code="9">LOCAL</subfield>
            </datafield>
            <datafield ind1="1" ind2="0" tag="245">
              <subfield code="a">Aladdin :</subfield>
              <subfield code="b">Teatermanuskript /</subfield>
              <subfield code="c">Adam Oehlenschläger ; Bearbejdet af Torben Jetsmark.</subfield>
            </datafield>
            <datafield ind1=" " ind2=" " tag="260">
              <subfield code="a">København,</subfield>
              <subfield code="c">1983.</subfield>
            </datafield>
            <datafield ind1=" " ind2=" " tag="300">
              <subfield code="a">83 bl. + bl. I-XVII.</subfield>
            </datafield>
            <datafield ind1=" " ind2=" " tag="546">
              <subfield code="a">Dansk tekst.</subfield>
            </datafield>
            <datafield ind1=" " ind2=" " tag="500">
              <subfield code="a">Ms./Tryk.</subfield>
            </datafield>
            <datafield ind1="0" ind2=" " tag="505">
              <subfield code="a">Indhold: Manuskript til "Aladdin" af Adam Oehlenschläger, opført af skuespillere fra tournéteatret Tribunen i 1983.</subfield>
            </datafield>
            <datafield ind1=" " ind2=" " tag="500">
              <subfield code="a">Premiere: 07.09.1983. Justeret, forkortet, omrokeret, forsynet med ballet, pantomime og pantomimiske overgange af Wladimir Herman (Eksklusiv for Tribunen). Manuskriptet omfatter et tillæg, s. I-XVII, med noder til sangene til Aladdin bearbejdet af Torben Jetsmark.</subfield>
            </datafield>
            <datafield ind1=" " ind2=" " tag="561">
              <subfield code="a">Doneret af Birthe Rostrup</subfield>
              <subfield code="5">dra</subfield>
            </datafield>
            <datafield ind1=" " ind2=" " tag="599">
              <subfield code="a">DRA201404</subfield>
              <subfield code="5">dra</subfield>
              <subfield code="9">LOCAL</subfield>
            </datafield>
            <datafield ind1="1" ind2=" " tag="700">
              <subfield code="a">Oehlenschläger, Adam.</subfield>
            </datafield>
            <datafield ind1="2" ind2=" " tag="710">
              <subfield code="a">Tribunen.</subfield>
            </datafield>
            <datafield ind1=" " ind2=" " tag="901">
              <subfield code="a">x331066199.</subfield>
            </datafield>
            <datafield ind1=" " ind2=" " tag="909">
              <subfield code="a">Ms./Tryk.</subfield>
            </datafield>
            <datafield ind1=" " ind2=" " tag="997">
              <subfield code="a">DRA</subfield>
              <subfield code="9">LOCAL</subfield>
            </datafield>
            <datafield ind1=" " ind2=" " tag="997">
              <subfield code="a">EJD</subfield>
              <subfield code="9">LOCAL</subfield>
            </datafield>
            <datafield ind1=" " ind2=" " tag="998">
              <subfield code="a">dra</subfield>
              <subfield code="9">LOCAL</subfield>
            </datafield>
            <datafield ind1=" " ind2=" " tag="AVA">
              <subfield code="0">99122049346105763</subfield>
              <subfield code="8">222088922550005763</subfield>
              <subfield code="a">45KBDK_KGL</subfield>
              <subfield code="b">KBL</subfield>
              <subfield code="c">Reading room only (place request)</subfield>
              <subfield code="d">DRAlæs-B063</subfield>
              <subfield code="e">available</subfield>
              <subfield code="f">1</subfield>
              <subfield code="g">0</subfield>
              <subfield code="i">KBH</subfield>
              <subfield code="j">KBS_LFDRA</subfield>
              <subfield code="k">#</subfield>
              <subfield code="p">1</subfield>
              <subfield code="q">Nationalbiblioteket</subfield>
            </datafield>
          </record>
        </recordData>
        <recordIdentifier>99122049346105763</recordIdentifier>
        <recordPosition>1</recordPosition>
      </record>
    </records>
    <extraResponseData xmlns:xb="http://www.exlibris.com/repository/search/xmlbeans/">
      <xb:exact>true</xb:exact>
      <xb:responseDate>2021-05-04T16:57:38+0200</xb:responseDate>
    </extraResponseData>
  </searchRetrieveResponse>